<record><leader>00000cas a22000007a 4500</leader><controlfield tag="001">9963905</controlfield><controlfield tag="008">830929d18991900ksucr ne      0    0eng d</controlfield><controlfield tag="009">3789</controlfield><datafield ind1=" " ind2=" " tag="010"><subfield code="a">sn 83040556 </subfield></datafield><datafield ind1=" " ind2=" " tag="040"><subfield code="a">KSH</subfield><subfield code="b">eng</subfield><subfield code="c">KSH</subfield><subfield code="d">NPT</subfield><subfield code="d">OCLCQ</subfield></datafield><datafield ind1=" " ind2=" " tag="042"><subfield code="a">msc</subfield></datafield><datafield ind1=" " ind2=" " tag="043"><subfield code="a">n-us-ks</subfield></datafield><datafield ind1="0" ind2="4" tag="245"><subfield code="a">The Horton semi-weekly leader.</subfield></datafield><datafield ind1=" " ind2=" " tag="260"><subfield code="a">Horton, Kan. :</subfield><subfield code="b">Johnson &amp; Law,</subfield><subfield code="c">1899-1900.</subfield></datafield><datafield ind1=" " ind2=" " tag="300"><subfield code="a">2 v. :</subfield><subfield code="b">ill. ;</subfield><subfield code="c">60 cm.</subfield></datafield><datafield ind1=" " ind2=" " tag="310"><subfield code="a">Semiweekly</subfield></datafield><datafield ind1="0" ind2=" " tag="362"><subfield code="a">Vol. 1, no. 5 (Jan. 31, 1899)-v. 2, no. 12 (Feb. 16, 1900).</subfield></datafield><datafield ind1=" " ind2=" " tag="500"><subfield code="a">Published on Tuesday and Friday.</subfield></datafield><datafield ind1=" " ind2=" " tag="530"><subfield code="a">Available on microfilm from Micro Photo.</subfield></datafield><datafield ind1=" " ind2=" " tag="752"><subfield code="a">United States</subfield><subfield code="b">Kansas</subfield><subfield code="c">Brown</subfield><subfield code="d">Horton.</subfield></datafield><datafield ind1="0" ind2="0" tag="780"><subfield code="t">Horton leader (Horton, Kan. : 1899)</subfield><subfield code="w">(DLC)sn 83040555</subfield></datafield><datafield ind1="0" ind2="0" tag="785"><subfield code="t">Horton weekly leader</subfield><subfield code="w">(DLC)sn 83040557</subfield></datafield></record>